<record><leader>00000cas a22000007a 4500</leader><controlfield tag="001">15277652</controlfield><controlfield tag="008">870306d19071911inuwr ne      0    0eng d</controlfield><datafield ind1=" " ind2=" " tag="010"><subfield code="a">sn 87055431 </subfield></datafield><datafield ind1=" " ind2=" " tag="040"><subfield code="a">NPI</subfield><subfield code="b">eng</subfield><subfield code="c">NPI</subfield><subfield code="d">OCLCQ</subfield></datafield><datafield ind1=" " ind2=" " tag="042"><subfield code="a">msc</subfield></datafield><datafield ind1="0" ind2="4" tag="245"><subfield code="a">The Darlington news.</subfield></datafield><datafield ind1=" " ind2=" " tag="260"><subfield code="a">Darlington, Ind. :</subfield><subfield code="b">Chas. A. Marshall</subfield></datafield><datafield ind1=" " ind2=" " tag="310"><subfield code="a">Weekly</subfield></datafield><datafield ind1="1" ind2=" " tag="362"><subfield code="a">Began in 1907; ceased in Apr. 1911.</subfield></datafield><datafield ind1=" " ind2=" " tag="588"><subfield code="a">Description based on: Vol. 2, no. 33 (Jan. 28, 1909).</subfield></datafield><datafield ind1=" " ind2=" " tag="752"><subfield code="a">United States</subfield><subfield code="b">Indiana</subfield><subfield code="c">Montgomery</subfield><subfield code="d">Darlington.</subfield></datafield><datafield ind1="0" ind2="0" tag="785"><subfield code="t">Darlington record</subfield></datafield></record>